@Book{muravtsev:metamodel,
author = {А. А. Муравцев},
title = {Построение метамодели притока флюида к вертикальной скважине по данным из гидродинамического симулятора},
year = {2021},
publisher = {Высшая школа теоретической механики},
location = {СПб.},
isbn = {},
series = {ВКР},
pagetotal = {95},
hyphenation = {russian}
}

@BOOKLET{brownlee_alg,
  title        = {Master Machine Learning Algorithms},
  author       = {Jason Brownlee},
  year         = {2017},
  pagetotal = {162},
  hyphenation     = {english}
}

@Online{sklearn_doc,
  title = {Документация scikit-learn},
  url = {https://scikit-learn.ru},
  urldate =      {2022-05-20},
  hyphenation =     {russian}
}

@BOOK{surr_model,
  author    = {K Cronbecq}, 
  title     = {Surrogate Modelling of Computer Experiments with Sequential Experimental Design},
  publisher = {University of Antwerp, Ghent University},
  year      = {2011},
  hyphenation  = {english}
}

@BOOK{surr_model2,
  author    = {D Gorrisen}, 
  title     = {Grid-Enabled Adaptive Surrogate Modeling for Computer Aided Engineering},
  publisher = {University of Antwerp, Ghent University},
  year      = {2010},
  hyphenation  = {english}
}
