@Book{muravtsev:metamodel,
author = {А. А. Муравцев},
title = {Построение метамодели притока флюида к вертикальной скважине по данным из гидродинамического симулятора},
year = {2021},
publisher = {Высшая школа теоретической механики},
location = {СПб.},
isbn = {},
series = {ВКР},
pagetotal = {95},
hyphenation = {russian}
}
