@Book{berns_modal_analysis,
author = {В. А. Бернс and А. В. Долгополов and Д. А. Маринин},
title = {Модальный анализ конструкций по результатам испытаний их составных частей},
year = {2014},
publisher = {ДОКЛАДЫ АН ВШ РФ},
location = {},
isbn = {629.7.018.4:620.178.3},
series = {ТЕХНИЧЕСКИЕ НАУКИ},
pagetotal = {9},
hyphenation = {russian}
}

@BOOK{chen_ansys,
  title        = {Finite Element Modeling and Simulation with Ansys Workbench},
  author       = {Xiaolin Chen and Yijun Liu},
  year         = {2017},
  pagetotal = {162},
  hyphenation     = {english}
}

@Online{sklearn_doc,
  title = {Документация scikit-learn},
  url = {https://scikit-learn.ru},
  urldate =      {2022-05-20},
  hyphenation =     {russian}
}

@BOOK{practical_fea,
  author    = {Nitin S Gokhale and Sanjay S Deshpande}, 
  title     = {Practical Finite Element Analysis},
  publisher = {Finite To Infinite},
  year      = {2008},
  hyphenation  = {english}
}

@BOOK{fea_in_engin,
  author    = {Erdogan Madenci and Ibrahim Guven}, 
  title     = {The Finite Element Method and Applications in Engineering Using ANSYS},
  publisher = {Springer},
  year      = {2015},
  hyphenation  = {english}
}
